@TechReport{informe-cnea-1,
 author = "asdsad",
 title = "asdsad",
 number = "123123",
 institution = "CNEA",
 year = "2015",
}